@misc{ pdf:algoritmo,
       author = "Juan Andrés Ambuludi Olmedo",
       title = "Aplicación de Algoritmos Genéticos para la optimización de problemas combinatorios",
       year = "2017-2018",
       url = "https://riunet.upv.es/bitstream/handle/10251/107522/AMBULUDI%20-%20Aplicaci%C3%B3n%20de%20Algoritmos%20Gen%C3%A9ticos%20para%20la%20optimizaci%C3%B3n%20de%20problemas%20combinatorios.pdf?sequence=1&isAllowed=y",
       note = "[Internet; descargado 1-diciembre-2018]"
}

@misc{ pdf:nsga-ii,
	author = "Universidad Tecnológica de Pereira",
	title = "Optimización multiobjetivo usando un algoritmo genético y un operador elitista basado en un ordenamiento no-dominado (NSGA-II).",
	year = "2007",
	url = "https://www.researchgate.net/publication/26544174_Optimizacion_multiobjetivo_usando_un_algoritmo_genetico_y_un_operador_elitista_basado_en_un_ordenamiento_no-dominado_NSGA-II",
	note = "[Internet; descargado 2-diciembre-2018]"
}


@misc{ img:frente_pareto,
	author = "Johan Alexander Aranda Pinilla",
	title = "Optimización multiobjetivo en la gestión de cadenas de suministro de biocombustibles. Una revisión de la literatura ",
	year = "2015",
	url = "http://revistas.udistrital.edu.co/ojs/index.php/reving/rt/printerFriendly/7790/10283"
}

@misc{ web:scrum_origen,
	author = "Emma Blanco Muñoz Jose Antonio Dorado Cerón",
	title = "¿Qué significa Scrum?",
	year = "2010",
	url = "http://wikis.uca.es/wikiCE/index.php/Scrum"
}

@misc{ wiki:xampp,
	author = "Wikipedia",
	title = "XAMPP",
	year = "2018",
	url = "https://es.wikipedia.org/wiki/XAMPP"
}

@misc{ wiki:cakephp,
	author = "Wikipedia",
	title = "CakePHP",
	year = "2018",
	url = "https://es.wikipedia.org/wiki/CakePHP"
}

@misc{ wiki:ajax,
	author = "Wikipedia",
	title = "AJAX",
	year = "2018",
	url = "https://es.wikipedia.org/wiki/AJAX"
}

@misc{ wiki:optimizacion,
	author = "Wikipedia",
	title = "Optimización",
	year = "2018",
	url = "https://es.wikipedia.org/wiki/Optimización(matemática)"
}

@misc{ web:cakephp,
	author = "Cake Software Foundation",
	title = "CakePHP 3.6 Red Velvet Cookbook",
	year = "2018",
	url = "https://book.cakephp.org/3.0/en/index.html"
}

@misc{ web:foundation,
	author = "Foundation Team",
	title = "Foundation.The most advanced responsive front-end framework in the world.",
	year = "2018",
	url = "https://foundation.zurb.com/"
}

@misc{ web:diferencias-metodologias,
	author = "Altran",
	title = "Metodología ágil vs Metodología tradicional.",
	year = "2016",
	url = "https://pmi-mad.org/index.php/socios/articulos-direccion-proyectos/1288-metodologia-agil-vs-metodologia-tradicional"
}

@misc{ web:spreadsheet,
	author = "PhpSpreadsheet",
	title = "Welcome to PhpSpreadsheet's documentation.",
	url = "https://phpspreadsheet.readthedocs.io/en/develop/"
}

@misc{ pdf:optimizacion,
	author = "Andrés Ramos - Begoña Vitoriano,
	title = "Modelos matemáticos de optimización.",
	url = "https://www.iit.comillas.edu/aramos/presentaciones/t_mmo_M.pdf",
	note = "[Internet; descargado 27-diciembre-2018]"
}

@misc{ web:estructuraCarpetasCakePHP,
	author = "CakePHP",
	title = "CakePHP Folder Structure.",
	url = "https://book.cakephp.org/3.0/es/intro/cakephp-folder-structure.html",
	year = "2018",
}






